@unpublished{abramowicz:08,
author={Michael B. Abramowicz},
note={GWU Legal Studies Research Paper 447},
title={Randomized Legal Experimentation},
year={2008}
}


@article{allingham:72,
author={Michael Allingham and Agnar Sandmo},
journal={Journal of Public Economics},
volume={1},
number={3-4},
title={Income tax evasion: a theoretical analysis},
year={1972},
pages={323-338},
}


@article{ai:03,
author={Chunrong Ai and Edward C. Norton},
journal={Economics Letters},
volume={80},
number={1},
title={Interaction terms in logit and probit models},
year={2003},
pages={123-129},
}

@article{akerlof:82,
  author={George A. Akerlof and William T. Dickens},
  title={The Economic Consequences of Cognitive Dissonance},
  journal={American Economic Review},
  year=1982,
  volume={72},
  number={3},
  pages={307-19}
}

@article{alm:09,
  author={James Alm and Betty R. Jackson and Michael McKee},
  title={Getting the word out: Enforcement information dissemination and compliance behavior},
  journal={Journal of Public Economics},
  year=2009,
  volume={93},
  pages={392-402}
}

@article{anderson:05,
author={Simon P. Anderson and Stephen Coate},
journal={Review of Economic Studies},
volume={72},
number={4},
title={Market Provision of Broadcasting: A Welfare Analysis},
pages={947-972},
year={2005}
}
@article{andreoni:95,
author={James Andreoni},
journal={American Economic Review},
volume={85},
number={4},
title={Cooperation in Public-Goods Experiments - Kindness or Confusion?},
pages={891-904},
year={1995}
}
@article{andreoni:95b,
  author={James Andreoni},
  title={Warm-Glow versus Cold-Prickle: The Effects of Positive and Negative Framing on Cooperation in Experiments},
  journal={The Quarterly Journal of Economics},
  year=1995,
  volume={110},
  number={1},
  pages={1-21},
}
@unpublished{andreoni:07,
author={James Andreoni and B. Douglas Bernheim},
note={{M}imeo, UCLA, Department of Economics},
title={Social Image and the 50-50 Norm: A Theoretical and Experimental Analysis of Audience Effects},
year={2007},
}

@article{ariely:09,
author={Dan Ariely and Anat Bracha and Stephan Meier},
journal={American Economic Review},
volume={99},
number={1},
title={{Doing Good or Doing Well? Image Motivation and Monetary Incentives in Behaving Prosocially}},
year={2009},
pages={544–555},
}


%%%%%%%%%%%%%%%%%%%%%%%%%%%%%%
% B
%%%%%%%%%%%%%%%%%%%%%%%%%%%%%%

@unpublished{beshears:10,
  author={John Beshears and James Choi and David Laibson and Madrian Brigitte and Katherine Milkman},
  title={The Effect of Providing Peer Information on Retirement Savings Decisions},
  year=2010,
  note={{RAND} {W}orking {P}aper WR-800-SSA},
}

@article{bardach:89,
author={Eugen Bardach},
journal={Law and Policy},
volume={11},
number={1},
title={Moral Suasion and Taxpayer Compliance},
pages={49-69},
year={1989}
}

@article{barilan:04,
author={Avner Bar-Ilan and Bruce I. Sacerdote},
journal={Journal of Law and Economics},
volume={47},
number={1},
title={The Response of Criminals and Noncriminals to Fines},
year={2004},
pages={1-17},
}

@ARTICLE{bayer:09,
  author = {Patrick Bayer and Randi Hjalmarsson and David Pozen},
  year = {2009},
  title = {Building Criminal Capital behind Bars: Peer Effects in Juvenile
          Corrections},
  journal = {Quarterly Journal of Economics},
  volume = {124},
  pages = {105-147}
}

@book{bbc:03,
author={BBC},
title={ BBC Annual Report and Accounts 2005/2006},
publisher =    {},
year =         {2003},
address =      {London},
}

@article{becker:68,
author={Gary Becker},
journal={Journal of Political Economy},
volume={76},
number={2},
title={Crime and punishment: An economic approach},
year={1968},
pages={169-217},
}

@article{benabou:03,
  author={Roland Benabou and Jean Tirole},
  title={Intrinsic and Extrinsic Motivation},
  journal={Review of Economic Studies},
  year={2003},
  volume={70},
  number={3},
  pages={489-520},
}

@article{benabou:06,
author={Roland Benabou and Jean Tirole},
journal={American Economic Review},
volume={95},
number={5},
title={Incentives and Prosocial Behavior},
pages={1652-1678},
year={2006}
}

@article{bernheim:94,
author={Douglas B. Bernheim},
journal={Journal of Political Economy},
volume={102},
number={5},
title={A Theory of Conformity},
pages={841-877},
year={1994}
}

@article{bikhchandani:98,
author={Sushil Bikhchandani and David Hirshleifer and Ivo Welch},
journal={Journal of Economic Perspectives},
volume={12},
number={3},
title={Learning from the Behavior of Others: Conformity, Fads, and Informational Cascades},
year={1998},
pages={151-170},
}

@article{blumenthal:01,
author={Marsha Blumenthal and Charles Christian and Joel Slemrod},
journal={National Tax Journal},
volume={54},
number={1},
title={Do normative appeals affect tax compliance? Evidence from a controlled experiment in Minnesota},
year={2001},
pages={125-138},
}

@article{bosco:97,
author={Luigi Bosco and Luigi Mittone},
journal={Kyklos},
volume={50},
number={3},
title={Tax Evasion and Moral Constraints: Some Experimental Evidence},
year={1997},
pages={297-324},
}

@BOOK{brehm:66,
  author =       {Jack W. Brehm},
  title =        {A theory of psychological reactance},
  publisher =    {Academic Press},
  year =         {1966},
  address =      {New York},
}


%%%%%%%%%%%%%%%%%%%%%%%%%%%%%%
% C
%%%%%%%%%%%%%%%%%%%%%%%%%%%%%%

@article{cameron:88,
author={Samuel Cameron},
journal={Kyklos},
volume={41},
number={2},
title={The economics of crime deterrence: A Survey of Theory and Evidence},
year={1988},
pages={301-323},
}


@BOOK{cialdini:00,
  author =       {Robert Cialdini},
  title =        {Influence: Science and Practice},
  edition={4},
  publisher =    {Allyn \& Bacon},
  year =         {2000},
}

@BOOK{cialdini:98,
  author =       {Robert Cialdini},
  title =        {Influence: The Psychology of Persuasion (Revised Version)},
  publisher =    {Collins},
  year =         {1998},
  address =      {New York},
}

@BOOK{coleman:90,
  author =       {James S. Coleman},
  title =        {Foundations of Social Theory},
  publisher =    {Harvard University Press},
  year =         {1990},
  address =      {Cambridge (MA)},
}

@article{cooter:98a,
author={Robert D. Cooter},
journal={Boston University Law Review},
volume={78},
title={Models of Morality in Law and Economics: Self-Control and Self-Improvement for the "Bad Man" of Holmes},
year={1998a},
pages={903-930},
}

@ARTICLE{corman:00,
  author = {Corman, Hope and Naci Mocan},
  year = 2000,
  title = {A Time-Series Analysis of Crime, Deterrence, and Drug Abuse in New York City},
  journal = {American Economic Review},
  volume = 90,
  number = 3,
  pages = {584-604}
}

@ARTICLE{corman:05,
  author = {Corman, Hope and Naci Mocan},
  title={Carrots, Sticks, and Broken Windows},
  journal={Journal of Law \& Economics},
  year=2005,
  volume={48},
  number={1},
  pages={235-66}
}

@unpublished{costa:10,
  author={Dora Costa and Matthew Kahn},
  title={Energy Conservation `Nudges' and Environmentalist Ideology: {E}vidence from a Randomized Residential Electricity Field Experiment},
  year=2010,
  note={{N}BER Working Paper 15939},
}

@article{cooter:98b,
author={Robert D. Cooter},
journal={Journal of Legal Studies},
volume={27},
number={3},
title={Expressive Law and Economics},
year={1998b},
pages={585-608},
}

%%%%%%%%%%%%%%%%%%%%%%%%%%%%%%
% D
%%%%%%%%%%%%%%%%%%%%%%%%%%%%%%

@article{drago:09,
author = {Francesco Drago and Roberto Galbiati and Pietro Vertova},
year = 2009,
title = {The Deterrent Effects of Prison: Evidence from a Natural Experiment},
journal={Journal of Political Economy},
volume={117},
number={2},
pages={257-280},
}

@article{draca:10,
  author = {Mirko Draca and Stephen Machin and Robert Witt},
  year = 2011,
  title = {Panic on the Streets of London: Police, Crime and the {J}uly 2005
          Terror Attacks},
  journal = {American Ecnonomic Review},
  note={forthcoming},
  volume={},
}

@article{ditella:04,
author={Rafael DiTella and Ernesto Schargrodsky},
journal={American Economic Review},
volume={94},
number={1},
title={Do Police Reduce Crime? Estimates Using the Allocation of Police Forces After a Terrorist Attack},
year={2004},
pages={115-133},
}

@incollection{dills:09,
author={Angela K. Dills and Jeffrey A. Miron and Garrett Summers},
address={Chicago},
booktitle={Crime, Institutions, and Policies},
title={What do Economists Know about Crime?},
editor={Sebastian Edwards and Rafael Di Tella and Ernesto Schargrodsky},
publisher={University of Chicago Press},
year={2009},
pages={269--302}
}

@article{druckman:01,
author={James N. Druckman},
journal={Political Behavior},
volume={23},
number={3},
title={The Implications of Framing Effects for Citizen Competence},
year={2001},
pages={225–255},
}

@UNPUBLISHED{dur:06,
author={Robert Dur},
note={CESIfo Working Paper No. 1762},
title={Status-Seeking in Criminal Subcultures and the Double Dividend of Zero-
Tolerance},
year={2006},
}

%%%%%%%%%%%%%%%%%%%%%%%%%%%%%%
% E
%%%%%%%%%%%%%%%%%%%%%%%%%%%%%%

@article{ellickson:98,
author={Robert C. Ellickson},
journal={The Journal of Legal Studies},
volume={27},
number={2},
title={Law and Economics Discovers Social Norms},
year={1998},
pages={537-552},
}

@book{elster:89,
author={Jon Elster},
title={The Cement of Society: A study of social order},
publisher =    {Cambridge University Press},
year =         {1989},
address =      {Cambridge (MA)},
}

@article{erard:94,
author={B. Erard and J. S. Feinstein},
journal={RAND Journal of Economics},
volume={15},
title={Honesty and Evasion in the Tax Compliance Game},
year={1994},
pages={1-20},
}

@article{falk:05,
author={Armin Falk and Ernst Fehr and Urs Fischbacher},
journal={Econometrica},
volume={73},
number={6},
title={Driving Forces Behind Informal Sanctions},
year={2005},
pages={2017-2030},
}

@article{falk:06,
author={Armin Falk and Michael Kosfeld},
journal={American Economic Review},
volume={96},
number={5},
title={The hidden cost of control},
year={2006},
pages={1611-1630},
}

@article{farrington:06,
author={David P. Farrington and Brandon Welsh},
journal={Journal of Experimental Criminology},
volume={1},
number={1},
title={Randomized experiments in criminology: What have we learned in the last two decades?},
year={2006},
pages={9–38},
}

@article{fehr:02,
author={Ernst Fehr and Armin Falk},
journal={European Economic Review},
volume={46},
number={4-5},
title={Psychological foundations of incentives},
year={2002},
pages={687-724},
}

@article{fehr:03,
author={Ernst Fehr and Bettina Rockenbach},
journal={Nature},
volume={422},
number={137-140},
title={Detrimental effects of sanctions on human altruism},
year={2003},
pages={137-140},
}

@article{fehr:04,
author={Ernst Fehr and John List},
journal={Journal of the European Economic Association},
volume={2},
number={5},
title={The hidden costs and returns of incentives – trust and trustworthiness among {CEO}s},
year={2004},
pages={743-771},
}

@incollection{fehr:06,
address={Amsterdam},
author={Ernst Fehr and Klaus Schmidt},
booktitle={Handbook on the Economics of Giving, Reciprocity and Altruism},
editor={Serge-Christophe Kolm and Jean Mercier Ythier},
pages={615-691},
publisher={Elsevier},
title={The Economics of Fairness, Reciprocity and Altruism - Experimental Evidence and New Theories},
year={2006}
}

@UNPUBLISHED{fellner:09,
author={Gerlinde Fellner and Rupert Sausgruber and Christian Traxler},
title={Testing Enforcement Strategies in the Field: Legal Threat, Moral Appeal and Social Information},
year={2009},
note={{CESI}fo Working Paper No.~2787}
}

@UNPUBLISHED{fischbacher:08,
author={Urs Fischbacher and Franziska Heusi},
title={Lies in disguise - An experimental study on cheating},
year={2008},
note={Discussion Papers, University of Zurich}
}

@article{fischbacher:01,
author={Urs Fischbacher and Simon Gächter and Ernst Fehr},
journal={Economics Letter},
volume={71},
number={3},
title={Are People Conditionally Cooperative? Evidence from a Public Goods Experiment},
year={2001},
pages={397-404},
}

@article{fischbacher:09,
author={Urs Fischbacher and Simon Gächter},
journal={American Economic Review},
volume={100},
number={1},
title={Social Preferences, Beliefs, and the Dynamics of Free Riding in Public Good Experiments},
year={2009},
pages={541-556},
}


@incollection{fisher:78,
address={Washington, D.C.},
author={Franklin M. Fisher and Daniel Nagin Richard},
booktitle={Deterrence and Incapacitation: Estimating the Effects of Criminal Sanctions on Crime Rates},
editor={A. Blumstein and J. Cohen and D. Nagin},
pages={361-399},
publisher={National Academy of Sciences},
title={On the Feasibility of Identifying the Crime Function in a Simultaneous Model of Crime Rates and Sanction Levels},
year={1978}
}


@article{fortin:07,
author={Bernard Fortin and Guy  Lacroix and Marie-Claire Villeval},
journal={Journal of Public Economics},
volume={91},
number={11/12},
title={Tax evasion and social interactions},
year={2007},
pages={2089-2112}
}


@book{frey:97,
author={Bruno Frey},
title={Not Just for Money. An Economic Theory of Personal Motivation},
publisher =    {Edward Elgar Publishing},
year =         {1997},
address =      {Cheltenham, UK},
}

@article{frey:04,
author={Bruno Frey and Stephan Meier},
journal={American Economic Review},
volume={94},
number={5},
title={Social Comparisons and Pro-social Behavior: Testing `Conditional Cooperation' in a Field Experiment},
year={2004},
pages={1717-1722},
}

@UNPUBLISHED{frey:09,
author={Bruno Frey},
title={Punishment -- and beyond},
year={2009},
note={{C}ESifo Working Paper No.2706}
}

@incollection{freeman:99,
address={New York},
author={Richard B. Freeman},
booktitle={Handbook of Labor Economics, Volume 3C},
editor={Orley Ashenfelter and David E. Card},
pages={3529-3571},
publisher={Elsevier-North Holland},
title={The Economics of Crime},
year={2006}
}

@article{funk:04,
author={Patricia Funk},
journal={European Economic Review},
volume={48},
number={4},
title={On the effective use of stigma as a crime-deterrent},
year={2004},
pages={715-728},
}

%%%%%%%%%%%%%%%%%%%%%%%%%%%%%%
% G
%%%%%%%%%%%%%%%%%%%%%%%%%%%%%%

@article{gerber:03,
author={Alan Gerber and Donald Green and Ron Shachar},
journal={American Journal of Political Science},
volume={47},
number={3},
title={Voting May Be Habit-Forming: Evidence from a Randomized Field Experiment},
year={2003},
pages={540--550},
}

@article{goldstein:2008,
  author={Noah Goldstein and Robert Cialdini and Vladas Griskevicius},
  title={A Room with a Viewpoint: Using Social Norms to Motivate Environmental Conservation in Hotels},
  journal={Journal of Consumer Research},
  year=2008,
  volume={35},
  number={3},
  pages={472-482},
}

@unpublished{galbiati:08,
author={Roberto Galbiati and Giulio Zanella},
title={The Social Multiplier of Tax Evasion: Evidence from {I}talian Audit Data},
year={2008},
note={{Department of Economics, University of Siena, Working Paper 539}}
}


@incollection{gaechter:07,
address={Cambridge, MA},
author={Simon Gächter},
booktitle={Economics and Psychology: A Promising New Cross-Disciplinary Field},
editor={Bruno Frey and Alois Stutzer},
pages={19--50},
publisher={MIT Press},
title={Conditional Cooperation. {B}ehavioral Regularities from the Lab and the Field},
year={2007},
}

@article{gerber:09,
author={Alan Gerber and Daniel Bergan and Dean Karlan},
journal={American Economic Journal: Applied Economics},
volume={January 2009},
title={Does the Media Matter? A Field Experiment
Measuring the Effect of Newspapers on Voting Behavior and Political
Opinions},
year={2009}
}

@article{glaeser:96,
author={Edward Glaeser and Bruce Sacerdote and Jose Scheinkman},
journal={Quarterly Journal of Economics},
volume={111},
number={2},
title={Crime and Social Interactions},
year={1996},
pages={507-548},
}

@article{glaeser:03,
  author={Edward Glaeser and Bruce Sacerdote and Jose Scheinkman},
  title={The Social Multiplier},
  journal={Journal of the European Economic Association},
  year=2003,
  volume={1},
  number={2-3},
  pages={345-353},
}

@article{gneezy:00,
  author={Uri Gneezy and Aldo Rustichini},
  title={A Fine is a Price},
  volume={29},
  number={1},
  journal={Journal of Legal Studies},
  year={2000},
  pages={1-17},
}

@book{goffman:63,
author={Erving Goffman},
title={Stigma: Notes on the Management of Spoiled Identity},
publisher =    {Prentice Hall},
year =         {1963},
address =      {Englewood Cliffs, NJ},
}


@article{graetz:86,
  author={Michael J. Graetz and Jennifer F. Reinganum and Louis L. Wilde},
  title={The Tax Compliance Game: Toward an Interactive Theory
of Law Enforcement},
  volume={2},
  number={},
  journal={Journal of Law, Economics and Organization},
  year={1986},
  pages={1-32},
}


%%%%%%%%%%%%%%%%%%%%%%%%%%%%%%
% H
%%%%%%%%%%%%%%%%%%%%%%%%%%%%%%


@article{hjalmarsson:09,
author={Randi Hjalmarsson},
journal={American Law and Economics Review},
title={Crime and Expected Punishment: Changes in Perceptions at the Age of Criminal Majority},
volume={11},
number={1},
pages={209-248},
year={2009}
}

@article{harcourt:06,
author={Bernard E. Harcourt and Jens Ludwig},
journal={University of Chicago Law Review},
volume={73},
number={1},
title={{Broken Windows: New Evidence from New York City and a Five-City Social Experiment}},
year={2006},
pages={271-320},
}

@article{harrison:04,
author={Glenn Harrison and John List},
journal={Journal of Economic Literature},
volume={42},
number={4},
title={Field Experiments},
year={2004},
pages={1009-1055},
}

@book{head:85,
author={S. W. Head},
title={World Broadcasting Systems: A Comparative Analysis},
publisher =    {Wadsworth},
year =         {1985},
address =      {Belmont, California},
}


@UNPUBLISHED{heldt:05,
author={Tobias Heldt},
note={Working Paper, Dalarna University},
title={Conditional Cooperation in the Field: Cross-Country Skiers' Behavior in Sweden},
year={2005},
}

@article{hessing:88,
author={Dick J. Hessing and Henk Elffers and Russell H. Weigel},
journal={Journal of Personality and Social Psychology},
volume={54},
number={3},
title={Exploring the limits of self reports and reasoned action: {A}n investigation of the psychology of tax evasion behavior},
year={1988},
pages={405-413},
}

@UNPUBLISHED{hoerisch:08,
  author={Hannah Hörisch and Christina Strassmair},
  title={An experimental test of the deterrence hypothesis},
  year={2008},
  note={Discussion Papers in Economics No.2139, University of Munich, Department of Economics}
}

@article{huck:09,
  author={Steffen Huck and Imran Rasul},
  title={Transaction Costs in Charitable Giving: Evidence from Two Field Experiments},
  year={2010},
  journal={B.E.~Journal of Economic Analysis and Policy},
  volume={10},
  number={1},
  pages={Article~31},
}

%%%%%%%%%%%%%%%%%%%%%%%%%%%%%%
% K
%%%%%%%%%%%%%%%%%%%%%%%%%%%%%%


@ARTICLE{miguel:04,
  author={Edward Miguel and Michael Kremer},
  title={Worms: {I}dentifying Impacts on Education and Health in the Presence of Treatment Externalities},
  journal={Econometrica},
  year=2004,
  volume={72},
  number={1},
  pages={159-217},
}

@ARTICLE{kleven:09,
  author={Henrik Kleven and Martin Knudsen and Claus Kreiner and Soren Pedersen and Emanuel Saez},
  title={Unwilling or unable to cheat? {E}vidence from a randomized tax audit experiment in {D}enmark},
  year={2011},
  journal = {Econometrica},
   volume={79},
  number={3},
  pages={651--692}
}

@ARTICLE{jacob:07,
  author = {Jacob, Brian and Lars Lefgren and Enrico Moretti},
  year = 2007,
  title = {The Dynamics of Criminal Behavior: Evidence from Weather Shocks},
  journal = {Journal of Human Resources},
  volume = 42,
  number = 3,
  pages = {489-527}
}

%%%%%%%%%%%%%%%%%%%%%%%%%%%%%%
% K
%%%%%%%%%%%%%%%%%%%%%%%%%%%%%%

@article{kahan:97,
author={Dan M. Kahan},
journal={Virginia Law Review},
volume={83},
number={2},
title={Social Influence, Social Meaning, and Deterrence},
year={1997},
pages={349-395},
}

@article{kahlil:97,
author={Fahad Khalil},
journal={RAND Journal of Economics},
volume={28},
number={4},
title={Auditing without commitment},
year={1997},
pages={629-640},
}

@book{kaplow:02,
author={Louis Kaplow and Steven Shavell},
title={Fairness versus Welfare},
publisher =    {Harvard University Press},
year =         {2002},
address =      {Cambridge (MA)},
}

@article{keizer:08,
author={Kees Keizer and Siegwart Lindenberg and Linda Steg},
journal={Science},
volume={322},
number={5908},
title={The Spreading of Disorder},
year={2008},
pages={1681-1685}
}

@article{kessler:99,
author={Daniel Kessler and Steven D. Levitt},
journal={Journal of Law and Economics},
volume={42},
number={},
title={Using Sentence Enhancements to Distinguish between Deterrence and Incapacitation},
year={1999},
pages={343-363},
}

@article{kim:03,
author={Youngse Kim},
journal={Journal of Public Economics},
volume={87},
number={7-8},
title={Income distribution and equilibrium multiplicity in a stigma-based model of tax evasion},
year={2003},
pages={1591-1616},
}

@ARTICLE{kube:11,
  author = {Kube, Sebastian and Christian Traxler},
  year = 201,
  title = {The Interaction of Legal and Social Norm Enforcement},
  journal = {Journal of Public Economic Theory},
  note={forthcoming},
  volume={},
}



%%%%%%%%%%%%%%%%%%%%%%%%%%%%%%
% L
%%%%%%%%%%%%%%%%%%%%%%%%%%%%%%


@article{list:11,
author={Craig Landry and Andreas Lange and John A. List and Michael K. Price and Nicholas G. Rupp},
journal={American Economic Review},
title={Is a Donor in Hand Better than Two in the Bush? Evidence from a Natural Field Experiment},
year={2011},
volume={100},
number={3},
pages={958--983}
}

@UNPUBLISHED{lee:05,
author={David S. Lee and Justin McCrary},
note={NBER Working Paper 11491},
title={Crime, Punishment, and Myopia},
year={2005},
}

@article{levin:98,
author={Irwin P. Levin and Sandra Schneider and Gary J. Gaeth},
journal={Organizational Behaviora and Human Decision Processes},
volume={76},
number={2},
title={All Frames are not Created Equal: A Typology and Critical Analysis of Framing Effects},
year={1998},
pages={149-188},
}

@Article{levitt:97,
  author={Levitt, Steven D.},
  title={Using Electoral Cycles in Police Hiring to Estimate the Effect of Police on Crime},
  journal={American Economic Review},
  year=1997,
  volume={87},
  number={3},
  pages={270-90}
}

@Article{levitt:98,
  author={Levitt, Steven D.},
  title={Why Do Increased Arrest Rates Appear to Reduce Crime: Deterrence, Incapacitation, or Measurement Error?},
  journal={Economic Inquiry},
  year=1998,
  volume={36},
  number={3},
  pages={353-72}
}

@Article{levitt:02,
  author={Levitt, Steven D.},
  title={Using Electoral Cycles in Police Hiring to Estimate the Effects of Police on Crime: Reply},
  journal={American Economic Review},
  year=2002,
  volume={92},
  number={4},
  pages={1244-1250}
}

@article{levitt:04,
author={Steven D. Levitt},
journal={Journal of Economic Perspectives},
volume={18},
number={1},
title={Understanding Why Crime Fell in the 1990s: Four Factors that Explain the Decline and Six that Do Not},
year={2004},
pages={163-190},
}

@article{levitt:06,
author={Steven D. Levitt},
journal={American Economic Review},
volume={96},
number={2},
title={White-Collar Crime Write Small: A Case Study of Bagels, Donuts, and the Honor System},
year={2006},
pages={290-294},
}

@article{levitt:07,
author={Steven D. Levitt and John A. List},
journal={Journal of Economic Perspectives},
volume={21},
number={2},
pages={153-174},
title={What Do Laboratory Experiments Tell Us About the Real World?},
year={2007}
}

@incollection{levittmiles:07,
address={Amsterdam},
author={Steven D. Levitt and Thomas  J. Miles},
booktitle={Handbook of Law and Economics, Volume 1},
editor={A. Mitchell Polinsky and Steven Shavell},
pages={455-495},
publisher={North Holland},
title={Empirical study of criminal punishment},
year={2007}
}

@article{levitt:09,
author={Steven D. Levitt and John A. List},
journal={European Economic Review},
volume={53},
number={1},
pages={1-18},
title={Field experiments in economics: The past, the present, and the future},
year={2009}
}

@article{lindbeck:99,
author={Assar Lindbeck and Sten Nyberg and Jürgen W. Weibull},
journal={The Quarterly Journal of Economics},
volume={114},
number={1},
title={Social Norms and Economic Incentives in the Welfare State},
year={1999},
pages={1-35}
}

@article{lochner:07,
author={Lance Lochner},
journal={American Economic Review},
volume={97},
number={1},
title={Individual Perceptions of the Criminal Justice System},
year={2007},
pages={444-460},
}

@UNPUBLISHED{lopez:06,
author={Raul López-Pérez},
title={Introducing Social Norms in Game Theory},
note={Working paper 292, University of Zurich},
year={2006},
}

@UNPUBLISHED{ludwig:06,
author={Jens Ludwig and Jeffrey R. Kling},
title={Is Crime Contagious},
note={NBER Working Paper No. 12409},
year={2006},
}

%%%%%%%%%%%%%%%%%%%%%%%%%%%%%%
% M
%%%%%%%%%%%%%%%%%%%%%%%%%%%%%%



@article{meares:04,
author={Tracey L. Meares and Neal Katyal and Dan M. Kahan},
journal={Stanford Law Review},
volume={56},
number={},
title={Updating the Study of Punishment},
year={2004},
pages={1171-1210},
}

@article{manski:02,
author={Charles F. Manski},
journal={Journal of Economic Perspectives},
volume={14},
number={3},
title={Economic Analysis of Social Interactions},
year={2002},
pages={115-136},
}

@Article{manski:04,
  author={Charles F. Manski},
  title={Measuring Expectations},
  journal={Econometrica},
  year=2004,
  volume={72},
  number={5},
  pages={1329-1376},
}

@article{mazar:08,
author={Nina Mazar and On Amir and Dan Ariely},
journal={Journal of Marketing Research},
volume={45},
number={6},
title={The Dishonesty of Honest People: A Theory of Self-Concept Maintenance},
year={2008},
pages={633-644},
}

@article{mcadams:97,
author={Richard H. McAdams},
journal={Michigan Law Review},
volume={96},
number={},
title={The Origin, Development, and Regulation of Norms},
year={1997},
pages={338-433},
}

@incollection{mcadams:07,
address={Amsterdam},
author={Richard H. McAdams and Eric B. Rasmusen},
booktitle={Handbook of Law and Economics, Volume 2},
editor={A. Mitchell Polinsky and Steven Shavell},
pages={1573-1618},
publisher={North Holland},
title={Norms and the law},
year={2007}
}

@article{mcgraw:91,
author={Kathleen M. McGraw and John T. Scholz },
journal={Law and Society Review},
volume={25},
number={3},
title={Appeals to Civic Virtue versus Attention to Self-Interest: Effects on Tax Compliance},
year={1991},
pages={471--498},
}

@ARTICLE{mon:85,
  author = {Claude Montmarquette and Marc Nerlove and Paul Forest},
  year = 1985,
  title = {Deterrence and Delinquency: An Analysis of Individual Data},
  journal = {Journal of Quantitative Criminology},
  volume = 1,
  pages = {37-58}
}

@Article{murray:06,
  author={Michael P. Murray},
  title={Avoiding Invalid Instruments and Coping with Weak Instruments},
  journal={Journal of Economic Perspectives},
  year=2006,
  volume={20},
  number={4},
  pages={111-132},
}


%%%%%%%%%%%%%%%%%%%%%%%%%%%%%%
% N
%%%%%%%%%%%%%%%%%%%%%%%%%%%%%%

@article{nagin:98,
author={Daniel S. Nagin},
journal={Crime and Justice},
volume={23},
number={},
title={Criminal Deterrence Research at the Outset of the Twenty-First Century},
pages={1-42},
year={1998}
}

@book{nrc:78,
editor={National Research Council},
title={Deterrence and Incapacitation: Estimating the Effects of Criminal Sanctions on Crime Rates},
publisher =    {National Academy Press},
year =         {1978},
}

@book{newcomb:04,
author={Horace Newcomb},
title={The Museum of Broadcast Communications Encyclopedia of Television},
edition={2},
publisher =    {Routledge},
year =         {2004},
address =      {New York},
}
% http://www.museum.tv/archives/etv/L/htmlL/licensefee/licensefee.htm


%%%%%%%%%%%%%%%%%%%%%%%%%%%%%%
% O
%%%%%%%%%%%%%%%%%%%%%%%%%%%%%%

@article{oberholzer:97,
author={Bruno S. Frey and Felix Oberholzer-Gee},
journal={American Economic Review},
volume={87},
number={4},
title={The Cost of Price Incentives: An Empirical Analysis of Motivation Crowding-Out},
year={1997},
pages={746-755},
}

@UNPUBLISHED{osi:05,
author={{Open Society Institute}},
title={Television across Europe: Regulation, Policy and Independence. EU Monitoring and Advocacy Program (EUMAP)},
year =         {2005},
address =      {Budapest},
}
% http://www.eumap.org/topics/media/television_europe/

@book{orf:06,
editor={{ORF Medienforschung}},
title={Ausstattung der Haushalte 1986-2006},
year =         {2006},
address =      {Vienna},
}

%%%%%%%%%%%%%%%%%%%%%%%%%%%%%%
% P
%%%%%%%%%%%%%%%%%%%%%%%%%%%%%%

@article{paternoster:87,
author={Rayomond Paternoster},
journal={Justice Quarterly},
volume={4},
number={},
title={The Deterrent Effect of the Perceived Certainty and Severity of Punishment: A Review of Evidence and Issues},
pages={173-218},
year={1987}
}

@article{paternoster:96,
author={Raymond Paternoster and Sally Simpson},
journal={Law \& Society Review},
volume={30},
number={3},
title={Sanction Threats and Appeals to Morality: Testing a Rational Choice Model of Corporate Crime},
pages={549-583},
year={1996}
}

@article{posner:97,
author={Richard A. Posner},
journal={American Economic Review, Papers and Proceedings},
volume={87},
number={2},
title={Social Norms and the Law: An Economic Approach},
year={1997},
pages={365-369},
}

@book{posner:00,
author={Eric A. Posner},
title={Law and Social Norms},
publisher =    {Harvard University Press},
year =         {2000},
address =      {Cambridge},
}

@UNPUBLISHED{pomeranz:10,
author={Dina Pomeranz},
title={No Taxation Without Information: {D}eterrence and Self-Enforcement in the Value Added Tax},
note={{M}imeo, {MIT} Department of Economics},
year={2010},
}




%%%%%%%%%%%%%%%%%%%%%%%%%%%%%%
% R
%%%%%%%%%%%%%%%%%%%%%%%%%%%%%%

@article{rasmusen:96,
author={Eric Rasmusen },
journal={Journal of Law and Economics},
volume={39},
number={2},
title={Stigma and Self-Fulfilling Expectations of Criminality},
year={1996},
pages={519-543},
}

@article{reckers:94,
author={P. M. J. Reckers and D. L.  Sanders and S. J. Roark},
journal={National Tax Journal},
volume={47},
number={},
title={ The influence of ethical attitudes on taxpayer compliance},
year={1994},
pages={825-836},
}

@ARTICLE{ric:82,
  author = {Pamela Richards and Charles R. Tittle},
  year = {1982},
  title = {Socioeconomic Status and Perceptions of Personal Arrest
          Probabilities},
  journal = {Criminology},
  volume = {20},
  number = {3-4},
  pages = {329-346}
}

@article{rincke:09,
author={Johannes Rincke and Christian Traxler},
year = {2011},
title={Enforcement Spillovers},
journal = {Review of Economics and Statistics},
note={forthcoming},
volume={},
}

%%%%%%%%%%%%%%%%%%%%%%%%%%%%%%
% S
%%%%%%%%%%%%%%%%%%%%%%%%%%%%%%

@article{sah:91,
author={Raaj K. Sah},
journal={Journal of Political Economy},
volume={99},
number={6},
title={ Social Osmosis and Patterns of Crime},
year={1991},
pages={1272-1295},
}

@article{sandmo:05,
author={Agnar Sandmo},
journal={National Tax Journal},
volume={58},
title={The theory of tax evasion: a retrospective view},
year={2005},
pages={643–663},
}

@article{schultz:07,
author={Wesley Schultz and Jessica Nolan and Robert Cialdini and Noah Goldstein and Vladas Griskevicius},
journal={Psychological Science},
volume={18},
number={5},
title={The Constructive, Destructive, and Reconstructive Power of Social Norms},
year={2007},
pages={429-434},
}

@article{pruckner:08,
author={Gerald J. Pruckner and Rupert Sausgruber},
title={{Honesty on the Streets - A Natural Field Experiment on Newspaper Purchasing}},
year={2011},
journal={Journal of the European Economic Association},
note={forthcoming}
}


@article{schmoelders:70,
author={Günter Schmölders},
journal={Public Finance},
volume={25},
title={Survey research in public finance: A behavioral approach to fiscal theory},
year={1970},
pages={300-306},
}

@article{schwartz:67,
author={Richard D. Schwartz and Sonya Orleans},
journal={University of Chicago Law Review},
volume={34},
number={2},
title={On legal sanctions},
year={1967},
pages={274-300},
}

@incollection{schwartz:77,
address={New York},
author={Shalom H. Schwartz},
booktitle={Advances in experimental
social psychology, Vol. 10},
editor={Leonhard Berkowitz},
pages={221-279},
publisher={Academic Press},
title={Normative influences on altruism},
year={1977}
}

@article{shang:09,
author={Jen Shang and Rachel Croson},
title={A Field Experiment in Charitable Contribution: The Impact of Social Information on the Voluntary Provision of Public Goods},
year={2009},
journal={The Economic Journal},
volume={119},
number={540},
pages={1422-1439}
}

@incollection{shavell:05,
address={Amsterdam},
author={A. Mitchell Polinsky and Steven Shavell},
booktitle={Handbook of Law and Economics, Volume 1},
editor={A. Mitchell Polinsky and Steven Shavell},
pages={403-454},
publisher={North Holland},
title={The theory of public enforcement of law},
year={2007}
}

@article{slemrod:01,
author={Joel Slemrod and Marsha Blumenthal and Charles Christian},
journal={Journal of Public Economics},
volume={79},
number={3},
title={Taxpayer response to an increased probability of audit: evidence from a controlled experiment in Minnesota},
year={2001},
pages={455-483},
}

@book{stataustria:06,
editor={Statistics\;Austria},
title={Ergebnisse der Europaeischen Erhebung ueber den Einsatz von Informations- und Kommunikationstechnologien in Unternehmen und Haushalten 2006},
publisher =    {Statistics Austria},
year =         {2006},
address =      {Wien},
}

@article{sunstein:96,
author={Cass R. Sunstein},
journal={Columbia Law Review},
volume={96},
number={},
title={Social Norms and Social Roles},
year={1996},
pages={201-266},
}

@article{sunstein:04,
author={Cass R. Sunstein},
journal={Minnesota Law Review},
volume={88},
number={6},
title={Moral Heuristics and Moral Framing},
year={2004},
pages={1556-1597},
}




%%%%%%%%%%%%%%%%%%%%%%%%%%%%%%
% T
%%%%%%%%%%%%%%%%%%%%%%%%%%%%%%


@book{thaler:08,
author={Richard Thaler and Cass Sunstein},
title={Nudge -- Improving Decisions About Health, Wealth, and Happiness},
publisher =    {Yale University Press},
year =         {2008},
address =      {New Haven, CT},
}


@UNPUBLISHED{traxler:09,
author={Christian Traxler and Joachim Winter},
note={{Max Planck Institute for Research on Collective Goods, Working Paper 2009-03}},
title={Survey Evidence on Conditional Norm Enforcement},
year={2009},
}

@article{torgler:04,
author={Benno Torgler},
journal={Economics of Governance},
volume={5},
number={},
title={Moral suasion: An alternative tax policy strategy? Evidence from a controlled field experiment in Switzerland},
year={2004},
pages={235-253},
}

@UNPUBLISHED{taylor:01,
author={Natalie Taylor and Michael Wenzel},
note={Working Paper, Australian National University, Centre for Tax System Integrity},
title={The effects of different letter styles on reported rental income and rental deductions: An experimental approach},
year={2001},
}

@book{tyler:90,
author={Tom R. Tyler},
title={Why people obey the law},
publisher =    {Yale University Press},
year =         {1990},
address =      {New Haven},
}

@book{tyler:00,
author={Tom R. Tyler and Steven L. Blader},
title={ Cooperation in groups: Procedural justice, social identity, and behavioral
engagement},
publisher =    {Psychology Press},
year =         {2000},
address =      {Philadelphia, PA},
}

@unpublished{tyler:07,
author={Tom R. Tyler},
note={Montesquie Lecture, Volume 3; University of Tilburg, Faculty of Law, March 15, 2007},
title={Psychology and the design of legal institutions},
year={2007},
}

%%%%%%%%%%%%%%%%%%%%%%%%%%%%%%
% W
%%%%%%%%%%%%%%%%%%%%%%%%%%%%%%

@article{wenzel:04,
author={Michael Wenzel},
journal={Law and Human Behavior},
volume={28},
number={5},
title={The Social Side of Sanctions: Personal and Social Norms as Moderators of Deterrence},
year={2004},
pages={547-567},
}

@article{wenzel:04b,
author={Michael Wenzel and Natalie Taylor},
journal={Journal of Public Economics},
volume={88},
number={12},
title={An experimental evaluation of tax-reporting schedules: a case of evidence-based tax administration},
year={2004},
pages={2785-2799},
}
@article{wilson:82,
author={James Q. Wilson and George L. Kelling},
journal={The Atlantic Monthly},
volume={249},
number={3},
title={Broken Windows},
year={1982},
pages={29-38},
}
@ARTICLE{yang:08,
  author={Dean Yang},
  title={{Can Enforcement Backfire? Crime Displacement in the Context of Customs Reform in the Philippines}},
  journal={The Review of Economics and Statistics},
  year=2008,
  volume={90},
  number={1},
  pages={1-14},
}

@ARTICLE{ariely:02,
  author={Dan Ariely and Klaus Wertenbroch},
  title={{Procrastination, Deadlines, and Performance: Self-Control by Precommitment}},
  journal={Psychological Science},
  year={2002},
  volume={13},
  number={3},
  pages={219-224},
}

@ARTICLE{machin:10,
  author={Stephen Machin and Olivier Marie},
  title={{Crime and Police Resources: The Street Crime Initiative}},
  journal={Journal of the European Economic Association},
  year={2011},
  volume={9},
  number={4},
  pages={678--701},
}


@ARTICLE{dellavigna:10,
  author={Stefano DellaVigna and Matthew Gentzkow},
  title={{Persuasion: Empirical Evidence}},
  journal={Annual Review of Economics},
  year={2010},
  volume={2},
  pages={643-669},
}
